@misc{opencl,
    title = "\textit{https://www.khronos.org/opencl/}"
}

@misc{cuda,
    title = "\textit{https://www.geforce.com/hardware/technology/cuda}"
}

@misc{thrust,
    author = "\textit{https://docs.nvidia.com/cuda/thrust/index.html}"
}

@misc{scan,
    author = "\textit{https://docs.nvidia.com/cuda/thrust/index.html#prefix-sums}"
}

@misc{cub,
    author = "\textit{https://nvlabs.github.io/cub/}"
}

